<?xml version="1.0" encoding="UTF-8"?><collection xmlns="http://www.loc.gov/MARC21/slim"><record><leader>00531nam--2200193-i-4500</leader><controlfield tag="001">000035984</controlfield><controlfield tag="002">20161230</controlfield><controlfield tag="005">20170206110531</controlfield><controlfield tag="008">060222s1000------------r-----000-0-ger-d</controlfield><datafield ind1=" " ind2=" " tag="040"><subfield code="a">IFIN-HH</subfield></datafield><datafield ind1=" " ind2=" " tag="041"><subfield code="a">ger</subfield></datafield><datafield ind1=" " ind2=" " tag="080"><subfield code="a">537.8:548.0</subfield></datafield><datafield ind1="1" ind2=" " tag="100"><subfield code="a">Ollendorff, Franz</subfield></datafield><datafield ind1="1" ind2="0" tag="245"><subfield code="a">Technische Elektrodynamik</subfield><subfield code="b">Band.i: Berechnung Magnetischer Felder</subfield><subfield code="c">Franz Ollendorff</subfield></datafield><datafield ind1=" " ind2=" " tag="260"><subfield code="a">Wien</subfield><subfield code="b">Springer-Verlag</subfield><subfield code="c">1952</subfield></datafield><datafield ind1=" " ind2=" " tag="300"><subfield code="a">432p</subfield></datafield><datafield ind1=" " ind2=" " tag="490"><subfield code="a">Technische Elektrodynamik</subfield></datafield><datafield ind1=" " ind2=" " tag="852"><subfield code="a">10048</subfield><subfield code="c">537.533</subfield></datafield><datafield ind1=" " ind2=" " tag="CAT"><subfield code="a">SYS</subfield><subfield code="c">20170206</subfield><subfield code="h">110531</subfield></datafield></record></collection>